@inproceedings{veronese2012,
    author        = "Lucas de Paula Veronese and Lauro Jos√© Lyrio Junior and Filipe Wall Mutz and Jorcy de Oliveira Neto and Vitor Barbirato Azevedo and Mariella Berger and Alberto Ferreira De Souza and Claudine Badue",
    title         = "Stereo matching with VG-RAM Weightless Neural Networks",
    booktitle     = "12th International Conference on Intelligent Systems Design and Applications (ISDA)",
    editor        = "Ajith Abraham and Albert Zomaya and Sebastian Ventura and Ronald Yager and Vaclav Snasel and Azah Kamilah Muda and Philip Samuel",
    address       = "Kochi, India",
    publisher     = "IEEE",
    year          = "2012",
    month         = "November",
    note          = "DOI: 10.1109/ISDA.2012.6416556",
}

@incollection{filho2010,
    author        = "Helio Perroni Filho and Alberto F. De Souza",
    title         = "VG-RAM WNN approach to monocular depth perception",
    booktitle     = "Neural Information Processing. Models and Applications",
    editor        = "Kok Wai Wong and B. Sumudu U. Mendis and Abdesselam Bouzerdoum",
    volume        = "6444",
    series        = "Lecture Notes in Computer Science",
    pages         = "509--516",
    address       = "Berlin/Heidelberg, Germany",
    publisher     = "Springer",
    year          = "2010",
    month         = "November",
    note          = "DOI: 10.1007/978-3-642-17534-3_63",
}

@article{jung2016,
    author  = "Dongwook Jun and Jong Man Lee and Su Yeong Gwon and Weiyuan Pan and Hyeon Chang Lee and Kang Ryoung Park and Hyun-Cheol Kim",
    title   = "Compensation Method of Natural Head Movement for Gaze Tracking System Using an Ultrasonic Sensor for Distance Measurement",
    journal = "Sensors",
    volume  = "16",
    number  = "1",
    year    = "2016",
    month   = "January",
    note    = "DOI: 10.3390/s16010110",
}

@article{timm2011,
    author    = "Fabian Timm and Erhardt Barth",
    title     = "Accurate Eye Centre Localisation by Means of Gradients",
    booktitle   = "Sixth International Conference on Computer Vision Theory and Applications (VISAPP)",
    address       = "Vilamoura, Algarve, Portugal",
    publisher     = "VISAPP",
    year          = "2011",
    month         = "March",
    note          = "DOI: 10.1109/ISMAR.2012.6402535",
}

@article{roussos2012,
    author        = "Anastasios Roussos and Chris Russell and Ravi Garg and Lourdes Agapito",
    title         = "Dense Multibody Motion Estimation and Reconstruction from a Handheld Camera",
    booktitle     = "International Symposium on Mixed and Augmented Reality (ISMAR)",
    address       = "Atlanta, Georgia",
    publisher     = "IEEE",
    year          = "2012",
    month         = "November",
    note          = "DOI: 10.1109/ISMAR.2012.6402535",
}
